% （1）专著中的文献
% [序号] 作者.专著名称.版本(第１版不加标注).出版者.出版年:参考页码.

% (2)期刊中的文献
% [序号] 作者.文献名称.期刊名称.卷号（期号）.年,月:页码范围.
@article{false_news_spread_2018,
  title={大学生MOOC学习行为研究},
  author={黄浩，刘智，何向阳},
  journal={中国医学教育技术},
  volume={359},
  number={6},
  year={2015}
}



% 以下类型未在bst文件中验证过，如果需要请自行修改bst文件……

% (3)论文集
% [序号] 作者.论文题目.见(英文用In).主编.论文集名.出版地.出版年:页码范围.
@inproceedings{Chen2016Behavior,
  title={Behavior deviation: An anomaly detection view of rumor preemption},
  author={Chen, Weiling and Chai, Kiat Yeo and Lau, Chiew Tong and Bu, Sung Lee},
  booktitle={Information Technology, Electronics and Mobile Communication Conference},
  pages={1-7},
  year={2016}
}





% (4)学位论文
% [序号] 作者.题目.[学位论文](英文用[Dissertation]).保存地点.保存单位:年份.

% (5)专利
% [序号] 专利申请者.题目.国别.专利文献种类.专利号.批准日期.

% (6)技术标准
% [序号] 起草责任者.标准代号.标准顺序号－发布年.标准名称.出版地.出版者.出版年度.


%(7)在线资料



@ELECTRONIC{internet_news_2016,
  title = {2016年中国互联网新闻市场研究报告},
  organization = {中国互联网络信息中心},
  year = {2017},
  howpublished = {online},
  refdate = {2018-04-15},
  url = {http://www.cnnic.cn/hlwfzyj/hlwxzbg/mtbg/201701/P020170112309068736023.pdf},
  language = {Chinese}
} 

